@article{dijk2007criminal,
  title={Criminal victimisation in international perspective. Key findings from the 2004-2005 ICVS and EU ICS},
  author={Dijk, Jan van and Kesteren, John van and Smit, Paul},
  year={2007},
  publisher={Universit{\"a}t T{\"u}bingen}
}}

@article{hanson2010impact,
  title={The impact of crime victimization on quality of life},
  author={Hanson, Rochelle F and Sawyer, Genelle K and Begle, Angela M and Hubel, Grace S},
  journal={Journal of traumatic stress},
  volume={23},
  number={2},
  pages={189--197},
  year={2010},
  publisher={Wiley Online Library}
}

@article{casanueva2008quality,
  title={Quality of maternal parenting among intimate-partner violence victims involved with the child welfare system},
  author={Casanueva, Cecilia and Martin, Sandra L and Runyan, Desmond K and Barth, Richard P and Bradley, Robert H},
  journal={Journal of family Violence},
  volume={23},
  number={6},
  pages={413--427},
  year={2008},
  publisher={Springer}
}

@phdthesis{polat2007spatio,
  title={Spatio-temporal crime prediction model based on analysis of crime clusters},
  author={Polat, Esra},
  year={2007},
  school={MIDDLE EAST TECHNICAL UNIVERSITY}
}

@article{bressler2009impact,
  title={The impact of crime on business: A model for prevention, detection \& remedy},
  author={Bressler, Martin S},
  journal={Journal of management and Marketing Research},
  volume={2},
  pages={1},
  year={2009},
  publisher={Academic and Business Research Institute (AABRI)}
}

@article{eck2005mapping,
  title={Mapping crime: Understanding hotspots},
  author={Eck, John and Chainey, Spencer and Cameron, James and Wilson, R},
  year={2005},
  publisher={National Institute of Justice}
}

@inproceedings{brantingham2005modeling,
  title={Modeling Urban Crime Patterns: Viewing Multi-Agent Systems as Abstract State Machines.},
  author={Brantingham, Patricia L and Gl{\"a}sser, Uwe and Kinney, Bryan and Singh, Komal and Vajihollahi, Mona},
  booktitle={Abstract State Machines},
  pages={101--118},
  year={2005}
}