@manual{dijk2007criminal,
  title={Criminal victimisation in international perspective. Key findings from the 2004-2005 ICVS and EU ICS},
  author={Dijk, Jan van and Kesteren, John van and Smit, Paul},
  year={2007},
  publisher={Universit{\"a}t T{\"u}bingen}
}

@article{hanson2010impact,
  title={The impact of crime victimization on quality of life},
  author={Hanson, Rochelle F and Sawyer, Genelle K and Begle, Angela M and Hubel, Grace S},
  journal={Journal of traumatic stress},
  volume={23},
  number={2},
  pages={189--197},
  year={2010},
  publisher={Wiley Online Library}
}

@article{casanueva2008quality,
  title={Quality of maternal parenting among intimate-partner violence victims involved with the child welfare system},
  author={Casanueva, Cecilia and Martin, Sandra L and Runyan, Desmond K and Barth, Richard P and Bradley, Robert H},
  journal={Journal of family Violence},
  volume={23},
  number={6},
  pages={413--427},
  year={2008},
  publisher={Springer}
}

@phdthesis{polat2007spatio,
  title={Spatio-temporal crime prediction model based on analysis of crime clusters},
  author={Polat, Esra},
  year={2007},
  school={MIDDLE EAST TECHNICAL UNIVERSITY}
}

@article{bressler2009impact,
  title={The impact of crime on business: A model for prevention, detection \& remedy},
  author={Bressler, Martin S},
  journal={Journal of management and Marketing Research},
  volume={2},
  pages={1},
  year={2009},
  publisher={Academic and Business Research Institute (AABRI)}
}

@manual{eck2005mapping,
  title={Mapping crime: Understanding hotspots},
  author={Eck, John and Chainey, Spencer and Cameron, James and Wilson, R},
  year={2005},
  publisher={National Institute of Justice}
}

@inproceedings{brantingham2005modeling,
  title={Modeling Urban Crime Patterns: Viewing Multi-Agent Systems as Abstract State Machines.},
  author={Brantingham, Patricia L and Gl{\"a}sser, Uwe and Kinney, Bryan and Singh, Komal and Vajihollahi, Mona},
  booktitle={Abstract State Machines},
  pages={101--118},
  year={2005}
}

@manual{senate2013criminal,
  title={Criminal Statistics at a Glance},
  author={{Senate of the Philippines}},
  year={2013},
}

@misc{tumulak2015crime,
  title={Crime Modelling and Prediction Using Neural Networks},
  author={Tumulak, Jonathan Albert U},
  year={2015},
  school={University of the Philippines Cebu}
}

@article{mburu2014modeling,
  title={Modeling and mapping crime in eastern nairobi, kenya},
  author={Mburu, Lucy Waruguru},
  journal={University of Heidelberg},
  year={2014},
  publisher={Citeseer}
}

@article{gerber2014predicting,
  title={Predicting crime using Twitter and kernel density estimation},
  author={Gerber, Matthew S},
  journal={Decision Support Systems},
  volume={61},
  pages={115--125},
  year={2014},
  publisher={Elsevier}
}

@book{brown2010criminology,
  title={Criminology: Explaining crime and its context},
  author={Brown, Stephen E and Esbensen, Finn-Aage},
  year={2010},
  publisher={Routledge}
}

@article{deng2014deep,
 author = {Deng, Li and Yu, Dong},
 title = {Deep Learning: Methods and Applications},
 journal = {Found. Trends Signal Process.},
 issue_date = {June 2014},
 volume = {7},
 number = {3\&\#8211;4},
 month = jun,
 year = {2014},
 issn = {1932-8346},
 pages = {197--387},
 numpages = {191},
 url = {http://dx.doi.org/10.1561/2000000039},
 doi = {10.1561/2000000039},
 acmid = {2692918},
 publisher = {Now Publishers Inc.},
 address = {Hanover, MA, USA},
 keywords = {Artificial intelligence, Autoencoders, Computer vision, Deep learning, Deep neural networks, Deep stacking networks, Hybrid deep networks, Language models, Machine learning, Multi-modal processing, Multi-task learning, Natural language processing, Neural networks, Object recognition, Supervised learning, Unsupervised learning},
} 

@article{schmidhuber2015deep,
  title={Deep learning in neural networks: An overview},
  author={Schmidhuber, J{\"u}rgen},
  journal={Neural Networks},
  volume={61},
  pages={85--117},
  year={2015},
  publisher={Elsevier}
}

@book{santos2012crime,
  title={Crime analysis with crime mapping},
  author={Santos, Rachel Boba},
  year={2012},
  publisher={Sage}
}

@article{razi2005comparative,
  title={A comparative predictive analysis of neural networks (NNs), nonlinear regression and classification and regression tree (CART) models},
  author={Razi, Muhammad A and Athappilly, Kuriakose},
  journal={Expert Systems with Applications},
  volume={29},
  number={1},
  pages={65--74},
  year={2005},
  publisher={Elsevier}
}

@article{huang2006real,
  title={Real-time learning capability of neural networks},
  author={Huang, Guang-Bin and Siew, Chee-Kheong},
  journal={Neural Networks, IEEE Transactions on},
  volume={17},
  number={4},
  pages={863--878},
  year={2006},
  publisher={IEEE}
}

@book{patan2008artificial,
  title={Artificial neural networks for the modelling and fault diagnosis of technical processes},
  author={Patan, Krzysztof},
  year={2008},
  publisher={Springer}
}

@inproceedings{mikolov2010recurrent,
  title={Recurrent neural network based language model.},
  author={Mikolov, Tomas and Karafi{\'a}t, Martin and Burget, Lukas and Cernock{\`y}, Jan and Khudanpur, Sanjeev},
  booktitle={INTERSPEECH},
  volume={2},
  pages={3},
  year={2010}
}

@article{bengio1994learning,
  title={Learning long-term dependencies with gradient descent is difficult},
  author={Bengio, Yoshua and Simard, Patrice and Frasconi, Paolo},
  journal={Neural Networks, IEEE Transactions on},
  volume={5},
  number={2},
  pages={157--166},
  year={1994},
  publisher={IEEE}
}

@article{hochreiter1997long,
  title={Long short-term memory},
  author={Hochreiter, Sepp and Schmidhuber, J{\"u}rgen},
  journal={Neural computation},
  volume={9},
  number={8},
  pages={1735--1780},
  year={1997},
  publisher={MIT Press}
}

@misc{olah2015understanding,
  title={Understanding LSTM Networks},
  author={Olah, Christopher},
  year={2015},
  howpublished = {\url{http://colah.github.io/posts/2015-08-Understanding-LSTMs}},
}

@article{perc2013understanding,
  title={Understanding recurrent crime as system-immanent collective behavior},
  author={Perc, Matja{\v{z}} and Donnay, Karsten and Helbing, Dirk},
  journal={PloS one},
  volume={8},
  number={10},
  pages={e76063},
  year={2013},
  publisher={Public Library of Science}
}

@article{guler2005recurrent,
  title={Recurrent neural networks employing Lyapunov exponents for EEG signals classification},
  author={G{\"u}ler, Nihal Fatma and {\"U}beyli, Elif Derya and G{\"u}ler, {\.I}nan},
  journal={Expert systems with applications},
  volume={29},
  number={3},
  pages={506--514},
  year={2005},
  publisher={Elsevier}
}

@misc{chollet2015keras,
  author = {Chollet, Fran√ßois},
  title = {Keras},
  year = {2015},
  publisher = {GitHub},
  journal = {GitHub repository},
  howpublished = {\url{https://github.com/fchollet/keras}}
}

@book{graves2012supervised,
  author    = {Alex Graves},
  title     = {Supervised Sequence Labelling with Recurrent Neural Networks},
  series    = {Studies in Computational Intelligence},
  volume    = {385},
  publisher = {Springer},
  year      = {2012},
  url       = {http://dx.doi.org/10.1007/978-3-642-24797-2},
  doi       = {10.1007/978-3-642-24797-2},
  isbn      = {978-3-642-24796-5},
  timestamp = {Tue, 20 Mar 2012 09:00:13 +0100},
}

@article{chainey2008utility,
  title={The utility of hotspot mapping for predicting spatial patterns of crime},
  author={Chainey, Spencer and Tompson, Lisa and Uhlig, Sebastian},
  journal={Security Journal},
  volume={21},
  number={1},
  pages={4--28},
  year={2008},
  publisher={Nature Publishing Group}
}

@book{michalski2013machine,
  title={Machine learning: An artificial intelligence approach},
  author={Michalski, Ryszard S and Carbonell, Jaime G and Mitchell, Tom M},
  year={2013},
  publisher={Springer Science \& Business Media}
}

@article{graves2013generating,
  title={Generating sequences with recurrent neural networks},
  author={Graves, Alex},
  journal={arXiv preprint arXiv:1308.0850},
  year={2013}
}

@article{scikit-learn,
 title={Scikit-learn: Machine Learning in {P}ython},
 author={Pedregosa, F. and Varoquaux, G. and Gramfort, A. and Michel, V.
         and Thirion, B. and Grisel, O. and Blondel, M. and Prettenhofer, P.
         and Weiss, R. and Dubourg, V. and Vanderplas, J. and Passos, A. and
         Cournapeau, D. and Brucher, M. and Perrot, M. and Duchesnay, E.},
 journal={Journal of Machine Learning Research},
 volume={12},
 pages={2825--2830},
 year={2011}
}

@book{lauritsen2014seasonal,
  title={Seasonal Patterns in Criminal Victimization Trends},
  author={Lauritsen, Janet L and White, Nicole and Bureau of Justice Statistics (BJS) and US Dept of Justice and Office of Justice Programs and United States of America},
  volume={245959},
  year={2014},
  publisher={US Department of Justice, Office of Justice Program, Bureau of Justice Statistics. Washington, DC NCJ}
}

@book{block1984crime,
  title={Is crime seasonal?},
  author={Block, Carolyn R},
  year={1984},
  publisher={Illinois Criminal Justice Information Authority Chicago}
}
